%% start of file `publications.bib'.
%% Copyright 2006-2012 Xavier Danaux (xdanaux at gmail.com).
%
% This work may be distributed and/or modified under the
% conditions of the LaTeX Project Public License version 1.3c,
% available at http://www.latex-project.org/lppl/.


@inproceedings {ceig.20161311,
booktitle = {Spanish Computer Graphics Conference (CEIG)},
editor = {Alejandro Garcia-Alonso and Belen Masia},
title = {{3DCurator: A 3D Viewer for CTs of Polychromed Wood Sculptures}},
author = {Bolívar, Francisco Javier and Melero, Francisco Javier},
year = {2016},
publisher = {The Eurographics Association},
ISSN = {-},
ISBN = {978-3-03868-023-9},
DOI = {10.2312/ceig.20161311}
}

@inproceedings {ph.9126,
title = {{3DCurator: una herramienta para la inspección de esculturas a través de tomografía computacional}},
author = {Bolívar, Francisco Javier and Melero, Francisco Javier},
year = {2017},
publisher = {Revista PH91},
ISSN = {2340-7565}
}


%% end of file `publications.bib'.
